@online{oracle-service-loader,
  author="Oracle",
  title="Service Loader (Java Platform SE8)",
  url="https://docs.oracle.com/javase/8/docs/api/java/util/ServiceLoader.html"
}
@online{netbeans-module-install,
  author="Netbeans",
  title="ModuleInstall (Module System API)",
  url="https://bits.netbeans.org/11.1/javadoc/org-openide-modules/org/openide/modules/ModuleInstall.html"
}
@online{netbeans-update-unit,
  author="Netbeans",
  title="UpdateUnit (Auto Update Services)",
  url="https://bits.netbeans.org/11.1/javadoc/org-netbeans-modules-autoupdate-services/org/netbeans/api/autoupdate/UpdateUnit.html"
}
@online{kent-beck-xp-history,
  author="Kent Beck",
  title="Extreme Programming 20 years later",
  url="https://www.youtube.com/watch?v=cGuTmOUdFbo"
}
@online{osgi-bundle-activator,
  author="OSGi",
  title="BundleActivator (OSGi Service Platform)",
  url="https://docs.osgi.org/javadoc/r4v43/core/org/osgi/framework/BundleActivator.html"
}
@online{ibm-osgi-demystified,
  author="IBM",
  title="OSGi demystified, Part 5: Using declarative services",
  url="https://developer.ibm.com/articles/osgi-demystified-part-5-using-declarative-services/"
}
@online{java-copy-on-write,
  author="Oracle",
  title="CopyOnWriteArrayList (Java Platform SE8)",
  url="https://docs.oracle.com/javase/8/docs/api/java/util/concurrent/CopyOnWriteArrayList.html"
}
